@inproceedings{mimno-mccallum-11,
author = {Mimno,D. and Wallach, H. and Talley, E. and Leenders, M. and McCallum, A.},
booktitle = {ACL},
title = {{Optimizing Semantic Coherence in Topic Models}},
year = {2011}
}

@inproceedings{bengio-et-al-10,
author = {Bengio, S. and Weston, J. and Grangier, D.},
booktitle = {NIPS},
title = {{Label embedding trees for large multi-class tasks}},
year = {2010}
}